@article{srinivasan_2024_a,
  author = {Srinivasan, Saravanan and Francis, Divya and Sandeep Kumar Mathivanan and Hariharan Rajadurai and Basu Dev Shivahare and Mohd Asif Shah},
  month = {01},
  publisher = {BioMed Central},
  title = {A Hybrid Deep CNN Model for Brain Tumor Image multi-classification},
  doi = {10.1186/s12880-024-01195-7},
  urldate = {2024-06-03},
  volume = {24},
  year = {2024},
  journal = {BMC medical imaging (Online)}
}

@article{srinivasan_2023_grade,
  author = {Srinivasan, Saravanan and Bai, Mercy and Sandeep Kumar Mathivanan and V. Muthukumaran and J. Chinna Babu and Vilcekova, Lucia},
  month = {03},
  pages = {1153-1153},
  title = {Grade Classification of Tumors from Brain Magnetic Resonance Images Using a Deep Learning Technique},
  doi = {10.3390/diagnostics13061153},
  urldate = {2024-06-03},
  volume = {13},
  year = {2023},
  journal = {National Library of Medicine - Diagnostics (Basel)}
}

@article{chatterjee_2022_classification,
  author = {Chatterjee, Soumick and Nizamani, Faraz Ahmed and Nürnberger, Andreas and Speck, Oliver},
  month = {01},
  pages = {1505},
  title = {Classification of Brain Tumours in MR Images Using Deep Spatiospatial Models},
  doi = {10.1038/s41598-022-05572-6},
  url = {https://www.nature.com/articles/s41598-022-05572-6},
  urldate = {2024-06-03},
  volume = {12},
  year = {2022},
  journal = {Scientific Reports}
}

@article{rasool_2022_a,
  author = {Rasool, Mohammed and Ismail, Nor Azman and Boulila, Wadii and Ammar, Adel and Samma, Hussein and Yafooz, Wael M. S. and Emara, Abdel-Hamid M.},
  month = {06},
  pages = {799},
  title = {A Hybrid Deep Learning Model for Brain Tumour Classification},
  doi = {10.3390/e24060799},
  url = {https://www.ncbi.nlm.nih.gov/pmc/articles/PMC9222774/},
  urldate = {2024-06-03},
  volume = {24},
  year = {2022},
  journal = {Entropy}
}

@article{jain_2024_comparison,
  author = {Jain, Jawahar and Mihika Kubadia and Mangla, Monika and Prachi Tawde},
  month = {01},
  title = {Comparison of Transfer Learning Techniques to Classify Brain Tumours Using MRI Images},
  doi = {10.3390/engproc2023059144},
  urldate = {2024-06-03},
  volume = {59},
  year = {2024},
  journal = {Engineering Proceedings}
}

@article{agarwal_2024_deep,
  author = {Agarwal, Monika and Rani, Geeta and Kumar, Ambeshwar and Pradeep Kumar K and R. Manikandan and Gandomi, Amir H},
  month = {04},
  pages = {102117-102117},
  publisher = {Elsevier BV},
  title = {Deep Learning for Enhanced Brain Tumor Detection and Classification},
  doi = {10.1016/j.rineng.2024.102117},
  urldate = {2024-06-03},
  volume = {22},
  year = {2024},
  journal = {Results in Engineering}
}

@article{zeineldin_2022_explainability,
  author = {Zeineldin, Ramy A. and Karar, Mohamed E. and Elshaer, Ziad and Coburger, ·Jan and Wirtz, Christian R. and Burgert, Oliver and Mathis-Ullrich, Franziska},
  month = {04},
  pages = {1673-1683},
  title = {Explainability of Deep Neural Networks for MRI Analysis of Brain Tumors},
  doi = {10.1007/s11548-022-02619-x},
  url = {https://link.springer.com/article/10.1007/s11548-022-02619-x},
  urldate = {2024-06-03},
  volume = {17},
  year = {2022},
  journal = {International Journal of Computer Assisted Radiology and Surgery}
}

@article{haque_2024_neuronet19,
  author = {Haque, Rezuana and Md. Mehedi Hassan and Anupam Kumar Bairagi and Shariful, Mohammed},
  month = {01},
  publisher = {Nature Portfolio},
  title = {NeuroNet19: an Explainable Deep Neural Network Model for the Classification of Brain Tumors Using Magnetic Resonance Imaging Data},
  doi = {10.1038/s41598-024-51867-1},
  url = {https://www.nature.com/articles/s41598-024-51867-1},
  urldate = {2024-06-03},
  volume = {14},
  year = {2024},
  journal = {Scientific Reports}
}

@article{tandel_2019_a,
  author = {Tandel, Gopal S. and Biswas, Mainak and Kakde, Omprakash G. and Tiwari, Ashish and Suri, Harman S. and Turk, Monica and Laird, John and Asare, Christopher and Ankrah, Annabel A. and Khanna, N. N. and Madhusudhan, B. K. and Saba, Luca and Suri, Jasjit S.},
  month = {01},
  pages = {111},
  title = {A Review on a Deep Learning Perspective in Brain Cancer Classification},
  doi = {10.3390/cancers11010111},
  url = {https://www.mdpi.com/2072-6694/11/1/111},
  urldate = {2024-06-03},
  volume = {11},
  year = {2019},
  journal = {Cancers}
}

@article{bada_2020_classification,
  author = {Badža, Milica M. and Barjaktarović, Marko Č.},
  month = {03},
  pages = {1999},
  title = {Classification of Brain Tumors from MRI Images Using a Convolutional Neural Network},
  doi = {10.3390/app10061999},
  url = {https://www.mdpi.com/2076-3417/10/6/1999},
  urldate = {2024-06-03},
  volume = {10},
  year = {2020},
  journal = {Applied Sciences}
}

@article{hanaazaineldin_2022_brain,
  author = {Hanaa ZainEldin and Gamel, Samah A and El-kenawy, El-Sayed M and Alharbi, Amal and Doaa Khafga and Ibrahim, Abdelhameed and Talaat, Fatma M},
  month = {12},
  pages = {18-18},
  title = {Brain Tumor Detection and Classification Using Deep Learning and Sine-Cosine Fitness Grey Wolf Optimization},
  doi = {10.3390/bioengineering10010018},
  url = {https://www.ncbi.nlm.nih.gov/pmc/articles/PMC9854739/},
  urldate = {2024-06-03},
  volume = {10},
  year = {2022},
  journal = {Bioengineering (Basel)}
}

@misc{nickparvar_2021_brain,
  author = {Nickparvar, Msoud},
  title = {Brain Tumor MRI Dataset},
  url = {https://www.kaggle.com/datasets/masoudnickparvar/brain-tumor-mri-dataset},
  urldate = {2024-05-24},
  year = {2021},
  organization = {www.kaggle.com}
}

@article{cheplygina_2019_notsosupervised,
  author = {Cheplygina, Veronika and de Bruijne, Marleen and Pluim, Josien P.W.},
  month = {05},
  pages = {280-296},
  title = {Not-so-supervised: a Survey of semi-supervised, multi-instance, and Transfer Learning in Medical Image Analysis},
  doi = {10.1016/j.media.2019.03.009},
  url = {https://arxiv.org/pdf/1804.06353},
  urldate = {2024-06-03},
  volume = {54},
  year = {2019},
  journal = {Medical Image Analysis}
}

@article{ins_2021_biomedical,
  author = {Inés, A. and Domínguez, C. and Heras, J. and Mata, E. and Pascual, V.},
  month = {01},
  pages = {105782},
  title = {Biomedical Image Classification Made Easier Thanks to Transfer and semi-supervised Learning},
  doi = {10.1016/j.cmpb.2020.105782},
  url = {https://www.sciencedirect.com/science/article/pii/S0169260720316151?casa_token=ZUSQJ62ZncwAAAAA:dCIX-Qbn_0EME2m4vYypLX0LZ2Ol9ftp79l9lcvSZt9kh-qnHsLr-okck3BrayR9qxT1ZJQt},
  urldate = {2024-06-03},
  volume = {198},
  year = {2021},
  journal = {Computer Methods and Programs in Biomedicine}
}

@article{ge_2020_deep,
  author = {Ge, Chenjie and Gu, Irene Yu-Hua and Jakola, Asgeir Store and Yang, Jie},
  month = {07},
  title = {Deep semi-supervised Learning for Brain Tumor Classification},
  doi = {10.1186/s12880-020-00485-0},
  url = {https://bmcmedimaging.biomedcentral.com/articles/10.1186/s12880-020-00485-0},
  urldate = {2024-06-03},
  volume = {20},
  year = {2020},
  journal = {BMC Medical Imaging}
}

@article{kaifi_2023_a,
  author = {Kaifi, Reham},
  month = {01},
  pages = {3007},
  title = {A Review of Recent Advances in Brain Tumor Diagnosis Based on AI-Based Classification},
  doi = {10.3390/diagnostics13183007},
  url = {https://www.mdpi.com/2075-4418/13/18/3007},
  urldate = {2024-06-05},
  volume = {13},
  year = {2023},
  journal = {Diagnostics}
}

@article{ili_2023_international,
  author = {Ilić, Irena and Milena Ilić},
  month = {07},
  pages = {e18222-e18222},
  publisher = {Elsevier BV},
  title = {International patterns and trends in the brain cancer incidence and mortality: An observational study based on the global burden of disease},
  doi = {10.1016/j.heliyon.2023.e18222},
  url = {https://www.ncbi.nlm.nih.gov/pmc/articles/PMC10372320/},
  urldate = {2024-06-05},
  volume = {9},
  year = {2023},
  journal = {Heliyon}
}

@misc{braintumourcharity_2023_source,
  author = {Brain Tumour Charity},
  month = {06},
  publisher = {The Brain Tumour Charity},
  title = {Source K: Brain tumour statistics},
  url = {https://assets.thebraintumourcharity.org/live/uploads/2023/06/Source-K_-Brain-Tumour-Statistics-June-2023-Final-Version.pdf},
  urldate = {2024-06-05},
  year = {2023},
  organization = {https://assets.thebraintumourcharity.org}
}

@article{rasool_2024_brain,
  author = {Rasool, Novsheena and Javaid Iqbal Bhat},
  month = {05},
  publisher = {Springer Science+Business Media},
  title = {Brain Tumour Detection Using Machine and Deep learning: a Systematic Review},
  doi = {10.1007/s11042-024-19333-2},
  urldate = {2024-06-05},
  volume = {67},
  year = {2024},
  journal = {Multimedia tools and applications}
}

@article{breiman_2001_random,
  author = {Breiman, Leo},
  pages = {5-32},
  title = {Random Forests},
  doi = {10.1023/a:1010933404324},
  url = {https://link.springer.com/article/10.1023/A:1010933404324},
  urldate = {2024-06-06},
  volume = {45},
  year = {2001},
  journal = {Machine Learning}
}

@article{ghongade_2017_computeraided,
  author = {Ghongade, R D and Wakde, D G},
  month = {03},
  title = {Computer-aided diagnosis system for breast cancer using RF classifier},
  doi = {10.1109/wispnet.2017.8299926},
  urldate = {2024-06-06},
  volume = {1},
  year = {2017},
  journal = {International Conference on Wireless Communications and Signal Processing}
}

@article{menze_2015_the,
  author = {Menze, Bjoern H. and Jakab, Andras and Bauer, Stefan and Kalpathy-Cramer, Jayashree and Farahani, Keyvan and Kirby, Justin and Burren, Yuliya and Porz, Nicole and Slotboom, Johannes and Wiest, Roland and Lanczi, Levente and Gerstner, Elizabeth and Weber, Marc-Andre and Arbel, Tal and Avants, Brian B. and Ayache, Nicholas and Buendia, Patricia and Collins, D. Louis and Cordier, Nicolas and Corso, Jason J. and Criminisi, Antonio and Das, Tilak and Delingette, Herve and Demiralp, Cagatay and Durst, Christopher R. and Dojat, Michel and Doyle, Senan and Festa, Joana and Forbes, Florence and Geremia, Ezequiel and Glocker, Ben and Golland, Polina and Guo, Xiaotao and Hamamci, Andac and Iftekharuddin, Khan M. and Jena, Raj and John, Nigel M. and Konukoglu, Ender and Lashkari, Danial and Mariz, Jose Antonio and Meier, Raphael and Pereira, Sergio and Precup, Doina and Price, Stephen J. and Raviv, Tammy Riklin and Reza, Syed M. S. and Ryan, Michael and Sarikaya, Duygu and Schwartz, Lawrence and Shin, Hoo-Chang and Shotton, Jamie and Silva, Carlos A. and Sousa, Nuno and Subbanna, Nagesh K. and Szekely, Gabor and Taylor, Thomas J. and Thomas, Owen M. and Tustison, Nicholas J. and Unal, Gozde and Vasseur, Flor and Wintermark, Max and Ye, Dong Hye and Zhao, Liang and Zhao, Binsheng and Zikic, Darko and Prastawa, Marcel and Reyes, Mauricio and Van Leemput, Koen},
  month = {10},
  pages = {1993-2024},
  title = {The Multimodal Brain Tumor Image Segmentation Benchmark (BRATS)},
  doi = {10.1109/tmi.2014.2377694},
  url = {https://www.ncbi.nlm.nih.gov/pmc/articles/PMC4833122/},
  urldate = {2024-06-06},
  volume = {34},
  year = {2015},
  journal = {IEEE Transactions on Medical Imaging}
}

@misc{w3schools_2020_w3css,
  author = {W3Schools},
  annote = {Template used (HTML & CSS)},
  title = {W3.CSS Templates},
  url = {https://www.w3schools.com/w3css/w3css_templates.asp},
  year = {2020},
  organization = {W3schools.com}
}

@misc{kumar_2021_brain,
  author = {Kumar, Sunil and Dhir, R and Chaurasia, N},
  title = {Brain Tumor Detection Analysis Using CNN: A Review | IEEE Conference Publication | IEEE Xplore},
  url = {https://ieeexplore.ieee.org/document/9395920},
  urldate = {2024-06-06},
  year = {2021},
  organization = {ieeexplore.ieee.org}
}

@article{yamashita_2018_convolutional,
  author = {Yamashita, Rikiya and Nishio, Mizuho and Do, Richard Kinh Gian and Togashi, Kaori},
  month = {06},
  pages = {611-629},
  title = {Convolutional Neural networks: an Overview and Application in Radiology},
  doi = {10.1007/s13244-018-0639-9},
  url = {https://link.springer.com/article/10.1007/s13244-018-0639-9},
  urldate = {2024-06-06},
  volume = {9},
  year = {2018},
  journal = {Insights into Imaging}
}

@article{arena_2003_image,
  author = {Arena, Paolo and Basile, Adriano and Bucolo, Maide and Fortuna, Luigi},
  month = {01},
  pages = {174–178},
  title = {Image processing for medical diagnosis using CNN},
  doi = {10.1016/S0168-9002(02)01908-3},
  url = {https://www.sciencedirect.com/science/article/abs/pii/S0168900202019083},
  urldate = {2024-06-06},
  volume = {497},
  year = {2003},
  journal = {Nuclear Instruments and Methods in Physics Research Section A: Accelerators, Spectrometers, Detectors and Associated Equipment}
}

@misc{potluri_2011_cnn,
  author = {Potluri, Sasanka and Fasih, Alireza and Vutukuru, Laxminand Kishore and Machot, Fadi Al and Kyamakya, Kyandoghere},
  month = {07},
  pages = {1–7},
  title = {CNN based high performance computing for real time image processing on GPU},
  doi = {10.1109/INDS.2011.6024781},
  url = {https://ieeexplore.ieee.org/abstract/document/6024781?casa_token=rAyujFKjX1wAAAAA:Wzz6klWDzvFHfQhE8Rq1uiQNi4poL12ch7hvsJvkR_vGG3NZkjUkKbytTv_vX_HjEO4wI99T},
  urldate = {2024-06-06},
  year = {2011},
  organization = {IEEE Xplore}
}

@article{vithanage_2024_rain,
  author = {Vithanage, Ella},
  month = {06},
  title = {Rain Tumour Classification Using a Convolutional Neural Network},
  volume = {1},
  year = {2024},
  journal = {Evolutionary Visual Analytics (EVA)}
}

@article{hektor_2024_enhancing,
  author = {Hektor, Victoria},
  month = {06},
  title = {Enhancing Brain Tumour Detection with Semi-Supervised Deep Learning and Supervised Reinforcement Learning},
  volume = {1},
  year = {2024},
  journal = {Evolutionary Visual Analytics (EVA)}
}

@article{alqulayti_2024_brain,
  author = {Alqulayti, Abdulaziz},
  month = {06},
  title = {Brain Tumor Classification Using Machine Learning},
  volume = {1},
  year = {2024},
  journal = {Evolutionary Visual Analytics (EVA)}
}